
@article{song2021score,
  title={Score-Based Generative Modeling through Stochastic Differential Equations},
  author={Yang Song and Jascha Sohl-Dickstein and Diederik P. Kingma and Abhishek Kumar and Stefano Ermon and Ben Poole},
  journal={ICLR},
  year={2021}
}

@article{jko1998,
  title={The variational formulation of the Fokkerâ€“Planck equation},
  author={Jordan, Kinderlehrer, and Otto},
  journal={SIAM Journal on Mathematical Analysis},
  year={1998}
}
